@inproceedings{shi-2019,
    author    = {Shi, LinFei and Luo, Hong and Yang, XueMei and Sun, Yan},
    booktitle = {2019 IEEE International Conference on Consumer Electronics - Taiwan (ICCE-TW)},
    title     = {A High-availability Data Backup Strategy for IPFS},
    year      = {2019},
    volume    = {},
    number    = {},
    pages     = {1-2},
    doi       = {10.1109/ICCE-TW46550.2019.8991855},
}

@article{zhang-2011,
    author  = {Zhang, Chao and Dhungel, Prithula and Wu, Di and Ross, Keith W.},
    journal = {IEEE Transactions on Parallel and Distributed Systems},
    title   = {Unraveling the BitTorrent Ecosystem},
    year    = {2011},
    volume  = {22},
    number  = {7},
    pages   = {1164-1177},
    doi     = {10.1109/TPDS.2010.123},
}

@inproceedings{trautwein-2022,
    author    = {Trautwein, Dennis and Raman, Aravindh and Tyson, Gareth and Castro, Ignacio and Scott, Will and Schubotz, Moritz and Gipp, Bela and Psaras, Yiannis},
    title     = {Design and Evaluation of IPFS: A Storage Layer for the Decentralized Web},
    year      = {2022},
    isbn      = {9781450394208},
    publisher = {Association for Computing Machinery},
    address   = {New York, NY, USA},
    url       = {https://doi.org/10.1145/3544216.3544232},
    doi       = {10.1145/3544216.3544232},
    booktitle = {Proceedings of the ACM SIGCOMM 2022 Conference},
    pages     = {739–752},
    numpages  = {14},
    keywords  = {content addressable storage, libp2p, decentralized web, content addressing, interplanetary file system},
    location  = {Amsterdam, Netherlands},
    series    = {SIGCOMM '22},
}

@inproceedings{maymounkov-2002,
    author    = {Maymounkov, Petar
                 and Mazi{\`e}res, David},
    editor    = {Druschel, Peter
                 and Kaashoek, Frans
                 and Rowstron, Antony},
    title     = {Kademlia: A Peer-to-Peer Information System Based on the XOR Metric},
    booktitle = {Peer-to-Peer Systems},
    year      = {2002},
    publisher = {Springer Berlin Heidelberg},
    address   = {Berlin, Heidelberg},
    pages     = {53--65},
    isbn      = {978-3-540-45748-0},
}

@inproceedings{rowstron-2001,
    author    = {Rowstron, Antony
                 and Druschel, Peter},
    editor    = {Guerraoui, Rachid},
    title     = {Pastry: Scalable, Decentralized Object Location, and Routing for Large-Scale Peer-to-Peer Systems},
    booktitle = {Middleware 2001},
    year      = {2001},
    publisher = {Springer Berlin Heidelberg},
    address   = {Berlin, Heidelberg},
    pages     = {329--350},
    isbn      = {978-3-540-45518-9},
}

@article{stoica-2001,
    author     = {Stoica, Ion and Morris, Robert and Karger, David and Kaashoek, M. Frans and Balakrishnan, Hari},
    title      = {Chord: A Scalable Peer-to-Peer Lookup Service for Internet Applications},
    year       = {2001},
    issue_date = {October 2001},
    publisher  = {Association for Computing Machinery},
    address    = {New York, NY, USA},
    volume     = {31},
    number     = {4},
    issn       = {0146-4833},
    url        = {https://doi.org/10.1145/964723.383071},
    doi        = {10.1145/964723.383071},
    journal    = {SIGCOMM Comput. Commun. Rev.},
    month      = {aug},
    pages      = {149–160},
    numpages   = {12},
}

@misc{merkle-1982,
    author       = {Merkle, Ralph},
    howpublished = {US Patent US4309569 (A)},
    title        = {Method of providing digital signatures},
    year         = {1982},
}
